 
@Article{Mousaei2018,
  author    = {Mousaei, Mahdi and Javdani, Taghi},
  journal   = {International Journal of Advanced Computer Science and Applications},
  title     = {A New Project Risk Management Model based on Scrum Framework and Prince2 Methodology},
  year      = {2018},
  issn      = {2158-107X},
  number    = {4},
  volume    = {9},
  publisher = {The Science and Information Organization},
}

@Article{Demianchuk2020,
  author = {Demianchuk, Liliia},
  title  = {Implementing the {PRINCE2} project management method in an existing project environment},
  year   = {2020},
}

 
@InProceedings{PoniszewskaMaranda2022,
  author    = {Poniszewska-Marańda, Aneta and Tyran, Martyna},
  booktitle = {Proceedings of the 19th International Conference on Smart Business Technologies},
  title     = {Hybrid Approach to Business Software Development in Terms of Current Needs and Requirements},
  year      = {2022},
  publisher = {SCITEPRESS - Science and Technology Publications},
}

@Article{Fowler2020,
  author = {Martin Fowler},
  title  = {The New Methodology},
  year   = {2020},
  url    = {https://www.martinfowler.com/articles/.},
}

@Article{Archibald1987,
  author  = {Archibald, R. D.},
  journal = {Project Management Journal 18(4), 29–31.},
  title   = {The history of modern project management: Key milestones in the early PERT/CPM/PDM days.},
  year    = {1987},
}

@Article{Tomnek2015ProjectRM,
  author  = {Martin Tom{\'a}nek and John Eric Juricek},
  journal = {ArXiv},
  title   = {Project Risk Management Model Based on PRINCE2 and Scrum Frameworks},
  year    = {2015},
  volume  = {abs/1502.03595},
}

@InProceedings{Schwalbe2012ManagingAP,
  author = {Kathy Schwalbe},
  title  = {Managing a Project Using an Agile Approach and the PMBOK{\textregistered} Guide},
  year   = {2012},
}

@Comment{jabref-meta: databaseType:bibtex;}
